%YAML 1.1
%TAG !u! tag:unity3d.com,2011:
--- !u!1 &1037866534
GameObject:
  m_ObjectHideFlags: 0
  m_CorrespondingSourceObject: {fileID: 0}
  m_PrefabInstance: {fileID: 0}
  m_PrefabAsset: {fileID: 0}
  serializedVersion: 6
  m_Component:
  - component: {fileID: 1037866535}
  m_Layer: 0
  m_Name: LeftLegTarget
  m_TagString: Untagged
  m_Icon: {fileID: 0}
  m_NavMeshLayer: 0
  m_StaticEditorFlags: 0
  m_IsActive: 1
--- !u!4 &1037866535
Transform:
  m_ObjectHideFlags: 0
  m_CorrespondingSourceObject: {fileID: 0}
  m_PrefabInstance: {fileID: 0}
  m_PrefabAsset: {fileID: 0}
  m_GameObject: {fileID: 1037866534}
  m_LocalRotation: {x: 0, y: 0, z: 0, w: 1}
  m_LocalPosition: {x: -1.75, y: 0.69, z: 0}
  m_LocalScale: {x: 1, y: 1, z: 1}
  m_Children: []
  m_Father: {fileID: 6858161099184178022}
  m_RootOrder: 2
  m_LocalEulerAnglesHint: {x: 0, y: 0, z: 0}
--- !u!1 &1508239420
GameObject:
  m_ObjectHideFlags: 0
  m_CorrespondingSourceObject: {fileID: 0}
  m_PrefabInstance: {fileID: 0}
  m_PrefabAsset: {fileID: 0}
  serializedVersion: 6
  m_Component:
  - component: {fileID: 1508239421}
  m_Layer: 0
  m_Name: RightLegTarget
  m_TagString: Untagged
  m_Icon: {fileID: 0}
  m_NavMeshLayer: 0
  m_StaticEditorFlags: 0
  m_IsActive: 1
--- !u!4 &1508239421
Transform:
  m_ObjectHideFlags: 0
  m_CorrespondingSourceObject: {fileID: 0}
  m_PrefabInstance: {fileID: 0}
  m_PrefabAsset: {fileID: 0}
  m_GameObject: {fileID: 1508239420}
  m_LocalRotation: {x: 0, y: 0, z: 0, w: 1}
  m_LocalPosition: {x: -1.75, y: -0.65, z: 0}
  m_LocalScale: {x: 1, y: 1, z: 1}
  m_Children: []
  m_Father: {fileID: 6858161099184178022}
  m_RootOrder: 3
  m_LocalEulerAnglesHint: {x: 0, y: 0, z: 0}
--- !u!1 &166117359155181687
GameObject:
  m_ObjectHideFlags: 0
  m_CorrespondingSourceObject: {fileID: 0}
  m_PrefabInstance: {fileID: 0}
  m_PrefabAsset: {fileID: 0}
  serializedVersion: 6
  m_Component:
  - component: {fileID: 4712047263324607005}
  m_Layer: 0
  m_Name: LeftLegSolver_Target
  m_TagString: Untagged
  m_Icon: {fileID: 0}
  m_NavMeshLayer: 0
  m_StaticEditorFlags: 0
  m_IsActive: 1
--- !u!4 &4712047263324607005
Transform:
  m_ObjectHideFlags: 0
  m_CorrespondingSourceObject: {fileID: 0}
  m_PrefabInstance: {fileID: 0}
  m_PrefabAsset: {fileID: 0}
  m_GameObject: {fileID: 166117359155181687}
  m_LocalRotation: {x: -0, y: -0, z: 0.7071062, w: -0.7071075}
  m_LocalPosition: {x: -0.64084214, y: 0.5070119, z: 0}
  m_LocalScale: {x: 1, y: 1, z: 1}
  m_Children: []
  m_Father: {fileID: 2485767838582878728}
  m_RootOrder: 0
  m_LocalEulerAnglesHint: {x: 0, y: 0, z: 0}
--- !u!1 &189217019249260727
GameObject:
  m_ObjectHideFlags: 0
  m_CorrespondingSourceObject: {fileID: 0}
  m_PrefabInstance: {fileID: 0}
  m_PrefabAsset: {fileID: 0}
  serializedVersion: 6
  m_Component:
  - component: {fileID: 2605293654626911030}
  - component: {fileID: 27469778045197797}
  m_Layer: 0
  m_Name: RightLegSolver
  m_TagString: Untagged
  m_Icon: {fileID: 0}
  m_NavMeshLayer: 0
  m_StaticEditorFlags: 0
  m_IsActive: 1
--- !u!4 &2605293654626911030
Transform:
  m_ObjectHideFlags: 0
  m_CorrespondingSourceObject: {fileID: 0}
  m_PrefabInstance: {fileID: 0}
  m_PrefabAsset: {fileID: 0}
  m_GameObject: {fileID: 189217019249260727}
  m_LocalRotation: {x: -0, y: -0, z: -0, w: 1}
  m_LocalPosition: {x: 0, y: 0, z: 0}
  m_LocalScale: {x: 1, y: 1, z: 1}
  m_Children:
  - {fileID: 1703050589657153630}
  m_Father: {fileID: 6777269741834522952}
  m_RootOrder: 5
  m_LocalEulerAnglesHint: {x: 0, y: 0, z: 0}
--- !u!114 &27469778045197797
MonoBehaviour:
  m_ObjectHideFlags: 0
  m_CorrespondingSourceObject: {fileID: 0}
  m_PrefabInstance: {fileID: 0}
  m_PrefabAsset: {fileID: 0}
  m_GameObject: {fileID: 189217019249260727}
  m_Enabled: 1
  m_EditorHideFlags: 0
  m_Script: {fileID: 11500000, guid: 30ae93fb156fc6d4c828c64571fc3edd, type: 3}
  m_Name: 
  m_EditorClassIdentifier: 
  m_ConstrainRotation: 1
  m_SolveFromDefaultPose: 1
  m_Weight: 1
  m_Chain:
    m_EffectorTransform: {fileID: 1051497075651952304}
    m_TargetTransform: {fileID: 1703050589657153630}
    m_TransformCount: 3
    m_Transforms:
    - {fileID: 8207597351633503104}
    - {fileID: 6890690545415875788}
    - {fileID: 1051497075651952304}
    m_DefaultLocalRotations:
    - {x: 0, y: -0, z: 0.99999803, w: 0.0019833592}
    - {x: 0, y: 0, z: -0.0266697, w: 0.99964434}
    - {x: 0, y: 0, z: 0, w: 1}
    m_StoredLocalRotations:
    - {x: 0, y: 0, z: 0, w: 0}
    - {x: 0, y: 0, z: 0, w: 0}
    - {x: 0, y: 0, z: 0, w: 0}
  m_Flip: 1
--- !u!1 &1173723796466228385
GameObject:
  m_ObjectHideFlags: 0
  m_CorrespondingSourceObject: {fileID: 0}
  m_PrefabInstance: {fileID: 0}
  m_PrefabAsset: {fileID: 0}
  serializedVersion: 6
  m_Component:
  - component: {fileID: 2485767838582878728}
  - component: {fileID: 826589195232434276}
  m_Layer: 0
  m_Name: LeftLegSolver
  m_TagString: Untagged
  m_Icon: {fileID: 0}
  m_NavMeshLayer: 0
  m_StaticEditorFlags: 0
  m_IsActive: 1
--- !u!4 &2485767838582878728
Transform:
  m_ObjectHideFlags: 0
  m_CorrespondingSourceObject: {fileID: 0}
  m_PrefabInstance: {fileID: 0}
  m_PrefabAsset: {fileID: 0}
  m_GameObject: {fileID: 1173723796466228385}
  m_LocalRotation: {x: -0, y: -0, z: -0, w: 1}
  m_LocalPosition: {x: 0, y: 0, z: 0}
  m_LocalScale: {x: 1, y: 1, z: 1}
  m_Children:
  - {fileID: 4712047263324607005}
  m_Father: {fileID: 6777269741834522952}
  m_RootOrder: 4
  m_LocalEulerAnglesHint: {x: 0, y: 0, z: 0}
--- !u!114 &826589195232434276
MonoBehaviour:
  m_ObjectHideFlags: 0
  m_CorrespondingSourceObject: {fileID: 0}
  m_PrefabInstance: {fileID: 0}
  m_PrefabAsset: {fileID: 0}
  m_GameObject: {fileID: 1173723796466228385}
  m_Enabled: 1
  m_EditorHideFlags: 0
  m_Script: {fileID: 11500000, guid: 30ae93fb156fc6d4c828c64571fc3edd, type: 3}
  m_Name: 
  m_EditorClassIdentifier: 
  m_ConstrainRotation: 1
  m_SolveFromDefaultPose: 1
  m_Weight: 1
  m_Chain:
    m_EffectorTransform: {fileID: 6423922582696095696}
    m_TargetTransform: {fileID: 4712047263324607005}
    m_TransformCount: 3
    m_Transforms:
    - {fileID: 3949053176680615021}
    - {fileID: 2944737007340586230}
    - {fileID: 6423922582696095696}
    m_DefaultLocalRotations:
    - {x: 0, y: -0, z: 0.999966, w: 0.008248432}
    - {x: 0, y: 0, z: 0.004572958, w: 0.99998957}
    - {x: 0, y: 0, z: 0, w: 1}
    m_StoredLocalRotations:
    - {x: 0, y: 0, z: 0, w: 0}
    - {x: 0, y: 0, z: 0, w: 0}
    - {x: 0, y: 0, z: 0, w: 0}
  m_Flip: 1
--- !u!1 &1409128682348185223
GameObject:
  m_ObjectHideFlags: 0
  m_CorrespondingSourceObject: {fileID: 0}
  m_PrefabInstance: {fileID: 0}
  m_PrefabAsset: {fileID: 0}
  serializedVersion: 6
  m_Component:
  - component: {fileID: 1051497075651952304}
  m_Layer: 0
  m_Name: Effector
  m_TagString: Untagged
  m_Icon: {fileID: 0}
  m_NavMeshLayer: 0
  m_StaticEditorFlags: 0
  m_IsActive: 1
--- !u!4 &1051497075651952304
Transform:
  m_ObjectHideFlags: 0
  m_CorrespondingSourceObject: {fileID: 0}
  m_PrefabInstance: {fileID: 0}
  m_PrefabAsset: {fileID: 0}
  m_GameObject: {fileID: 1409128682348185223}
  m_LocalRotation: {x: -0, y: -0, z: -0.316113, w: 0.9487215}
  m_LocalPosition: {x: 0.9, y: -0, z: 0}
  m_LocalScale: {x: 1, y: 1, z: 1}
  m_Children: []
  m_Father: {fileID: 6890690545415875788}
  m_RootOrder: 1
  m_LocalEulerAnglesHint: {x: 0, y: 0, z: -36.856003}
--- !u!1 &1869802495947057387
GameObject:
  m_ObjectHideFlags: 0
  m_CorrespondingSourceObject: {fileID: 0}
  m_PrefabInstance: {fileID: 0}
  m_PrefabAsset: {fileID: 0}
  serializedVersion: 6
  m_Component:
  - component: {fileID: 1703050589657153630}
  m_Layer: 0
  m_Name: RightLegSolver_Target
  m_TagString: Untagged
  m_Icon: {fileID: 0}
  m_NavMeshLayer: 0
  m_StaticEditorFlags: 0
  m_IsActive: 1
--- !u!4 &1703050589657153630
Transform:
  m_ObjectHideFlags: 0
  m_CorrespondingSourceObject: {fileID: 0}
  m_PrefabInstance: {fileID: 0}
  m_PrefabAsset: {fileID: 0}
  m_GameObject: {fileID: 1869802495947057387}
  m_LocalRotation: {x: -0, y: -0, z: 0.72454774, w: -0.68922466}
  m_LocalPosition: {x: 0.7420549, y: 0.53683615, z: 0}
  m_LocalScale: {x: 1, y: 1, z: 1}
  m_Children: []
  m_Father: {fileID: 2605293654626911030}
  m_RootOrder: 0
  m_LocalEulerAnglesHint: {x: 0, y: 0, z: 0}
--- !u!114 &8558246562013720314
MonoBehaviour:
  m_ObjectHideFlags: 0
  m_CorrespondingSourceObject: {fileID: 0}
  m_PrefabInstance: {fileID: 0}
  m_PrefabAsset: {fileID: 0}
  m_GameObject: {fileID: 3894515120659642224}
  m_Enabled: 1
  m_EditorHideFlags: 0
  m_Script: {fileID: 11500000, guid: 097b551f2844b054290f18a39bf892e9, type: 3}
  m_Name: 
  m_EditorClassIdentifier: 
  m_Solvers:
  - {fileID: 826589195232434276}
  - {fileID: 27469778045197797}
  m_Weight: 1
  m_SolverEditorData:
  - color: {r: 0, g: 1, b: 0, a: 1}
    showGizmo: 1
  - color: {r: 0, g: 1, b: 0, a: 1}
    showGizmo: 1
--- !u!114 &1818475135
MonoBehaviour:
  m_ObjectHideFlags: 0
  m_CorrespondingSourceObject: {fileID: 0}
  m_PrefabInstance: {fileID: 0}
  m_PrefabAsset: {fileID: 0}
  m_GameObject: {fileID: 3894515120659642224}
  m_Enabled: 1
  m_EditorHideFlags: 0
  m_Script: {fileID: 11500000, guid: 834002b86778a254eb32620c6b62e4d4, type: 3}
  m_Name: 
  m_EditorClassIdentifier: 
  RLeg: {fileID: 0}
  LLeg: {fileID: 0}
  RLegTarget: {fileID: 0}
  LLegTarget: {fileID: 0}
--- !u!1 &8503494850849505032
GameObject:
  m_ObjectHideFlags: 0
  m_CorrespondingSourceObject: {fileID: 0}
  m_PrefabInstance: {fileID: 0}
  m_PrefabAsset: {fileID: 0}
  serializedVersion: 6
  m_Component:
  - component: {fileID: 6423922582696095696}
  m_Layer: 0
  m_Name: Effector
  m_TagString: Untagged
  m_Icon: {fileID: 0}
  m_NavMeshLayer: 0
  m_StaticEditorFlags: 0
  m_IsActive: 1
--- !u!4 &6423922582696095696
Transform:
  m_ObjectHideFlags: 0
  m_CorrespondingSourceObject: {fileID: 0}
  m_PrefabInstance: {fileID: 0}
  m_PrefabAsset: {fileID: 0}
  m_GameObject: {fileID: 8503494850849505032}
  m_LocalRotation: {x: -0, y: -0, z: -0.33065647, w: 0.94375116}
  m_LocalPosition: {x: 0.85, y: -0, z: 0}
  m_LocalScale: {x: 1, y: 1, z: 1}
  m_Children: []
  m_Father: {fileID: 2944737007340586230}
  m_RootOrder: 1
  m_LocalEulerAnglesHint: {x: 0, y: 0, z: -38.617}
--- !u!1001 &5274722010255238877
PrefabInstance:
  m_ObjectHideFlags: 0
  serializedVersion: 2
  m_Modification:
    m_TransformParent: {fileID: 0}
    m_Modifications:
    - target: {fileID: -6629462256751804977, guid: 4601d7c8e6e30bb4aaf4a583f472863b,
        type: 3}
      propertyPath: m_Name
      value: RightLegTexture
      objectReference: {fileID: 0}
    - target: {fileID: -5073129555637567499, guid: 4601d7c8e6e30bb4aaf4a583f472863b,
        type: 3}
      propertyPath: m_Name
      value: LeftLegTexture
      objectReference: {fileID: 0}
    - target: {fileID: -2166692062697020885, guid: 4601d7c8e6e30bb4aaf4a583f472863b,
        type: 3}
      propertyPath: m_LocalRotation.z
      value: 0.5373783
      objectReference: {fileID: 0}
    - target: {fileID: -2166692062697020885, guid: 4601d7c8e6e30bb4aaf4a583f472863b,
        type: 3}
      propertyPath: m_LocalRotation.w
      value: 0.84334135
      objectReference: {fileID: 0}
    - target: {fileID: -842505616444433027, guid: 4601d7c8e6e30bb4aaf4a583f472863b,
        type: 3}
      propertyPath: m_Name
      value: HeadTexture
      objectReference: {fileID: 0}
    - target: {fileID: -54171396049432147, guid: 4601d7c8e6e30bb4aaf4a583f472863b,
        type: 3}
      propertyPath: m_Name
      value: IKModel
      objectReference: {fileID: 0}
    - target: {fileID: -482375073027408, guid: 4601d7c8e6e30bb4aaf4a583f472863b, type: 3}
      propertyPath: m_LocalRotation.y
      value: 0
      objectReference: {fileID: 0}
    - target: {fileID: -482375073027408, guid: 4601d7c8e6e30bb4aaf4a583f472863b, type: 3}
      propertyPath: m_LocalRotation.z
      value: 0.97205573
      objectReference: {fileID: 0}
    - target: {fileID: -482375073027408, guid: 4601d7c8e6e30bb4aaf4a583f472863b, type: 3}
      propertyPath: m_LocalRotation.w
      value: 0.2347503
      objectReference: {fileID: 0}
    - target: {fileID: 1593859304445978043, guid: 4601d7c8e6e30bb4aaf4a583f472863b,
        type: 3}
      propertyPath: m_LocalRotation.x
      value: -0
      objectReference: {fileID: 0}
    - target: {fileID: 1593859304445978043, guid: 4601d7c8e6e30bb4aaf4a583f472863b,
        type: 3}
      propertyPath: m_LocalRotation.y
      value: -0
      objectReference: {fileID: 0}
    - target: {fileID: 1593859304445978043, guid: 4601d7c8e6e30bb4aaf4a583f472863b,
        type: 3}
      propertyPath: m_LocalRotation.z
      value: 0.7117838
      objectReference: {fileID: 0}
    - target: {fileID: 1593859304445978043, guid: 4601d7c8e6e30bb4aaf4a583f472863b,
        type: 3}
      propertyPath: m_LocalRotation.w
      value: 0.7023986
      objectReference: {fileID: 0}
    - target: {fileID: 1593859304445978043, guid: 4601d7c8e6e30bb4aaf4a583f472863b,
        type: 3}
      propertyPath: m_LocalPosition.x
      value: 0.05
      objectReference: {fileID: 0}
    - target: {fileID: 1593859304445978043, guid: 4601d7c8e6e30bb4aaf4a583f472863b,
        type: 3}
      propertyPath: m_LocalPosition.y
      value: 2.25
      objectReference: {fileID: 0}
    - target: {fileID: 1593859304445978043, guid: 4601d7c8e6e30bb4aaf4a583f472863b,
        type: 3}
      propertyPath: m_LocalEulerAnglesHint.z
      value: 90.76
      objectReference: {fileID: 0}
    - target: {fileID: 1626702380728142353, guid: 4601d7c8e6e30bb4aaf4a583f472863b,
        type: 3}
      propertyPath: m_LocalRotation.z
      value: 0.53788936
      objectReference: {fileID: 0}
    - target: {fileID: 1626702380728142353, guid: 4601d7c8e6e30bb4aaf4a583f472863b,
        type: 3}
      propertyPath: m_LocalRotation.w
      value: 0.8430155
      objectReference: {fileID: 0}
    - target: {fileID: 1674812758425499541, guid: 4601d7c8e6e30bb4aaf4a583f472863b,
        type: 3}
      propertyPath: m_LocalPosition.x
      value: 0
      objectReference: {fileID: 0}
    - target: {fileID: 1674812758425499541, guid: 4601d7c8e6e30bb4aaf4a583f472863b,
        type: 3}
      propertyPath: m_LocalPosition.y
      value: 0
      objectReference: {fileID: 0}
    - target: {fileID: 1674812758425499541, guid: 4601d7c8e6e30bb4aaf4a583f472863b,
        type: 3}
      propertyPath: m_LocalPosition.z
      value: 0
      objectReference: {fileID: 0}
    - target: {fileID: 1674812758425499541, guid: 4601d7c8e6e30bb4aaf4a583f472863b,
        type: 3}
      propertyPath: m_LocalRotation.x
      value: -0
      objectReference: {fileID: 0}
    - target: {fileID: 1674812758425499541, guid: 4601d7c8e6e30bb4aaf4a583f472863b,
        type: 3}
      propertyPath: m_LocalRotation.y
      value: -0
      objectReference: {fileID: 0}
    - target: {fileID: 1674812758425499541, guid: 4601d7c8e6e30bb4aaf4a583f472863b,
        type: 3}
      propertyPath: m_LocalRotation.z
      value: -0
      objectReference: {fileID: 0}
    - target: {fileID: 1674812758425499541, guid: 4601d7c8e6e30bb4aaf4a583f472863b,
        type: 3}
      propertyPath: m_LocalRotation.w
      value: 1
      objectReference: {fileID: 0}
    - target: {fileID: 1674812758425499541, guid: 4601d7c8e6e30bb4aaf4a583f472863b,
        type: 3}
      propertyPath: m_RootOrder
      value: 0
      objectReference: {fileID: 0}
    - target: {fileID: 1674812758425499541, guid: 4601d7c8e6e30bb4aaf4a583f472863b,
        type: 3}
      propertyPath: m_LocalEulerAnglesHint.x
      value: 0
      objectReference: {fileID: 0}
    - target: {fileID: 1674812758425499541, guid: 4601d7c8e6e30bb4aaf4a583f472863b,
        type: 3}
      propertyPath: m_LocalEulerAnglesHint.y
      value: 0
      objectReference: {fileID: 0}
    - target: {fileID: 1674812758425499541, guid: 4601d7c8e6e30bb4aaf4a583f472863b,
        type: 3}
      propertyPath: m_LocalEulerAnglesHint.z
      value: 0
      objectReference: {fileID: 0}
    - target: {fileID: 4095089235504129373, guid: 4601d7c8e6e30bb4aaf4a583f472863b,
        type: 3}
      propertyPath: m_LocalRotation.y
      value: 0
      objectReference: {fileID: 0}
    - target: {fileID: 4095089235504129373, guid: 4601d7c8e6e30bb4aaf4a583f472863b,
        type: 3}
      propertyPath: m_LocalRotation.z
      value: 0.96162874
      objectReference: {fileID: 0}
    - target: {fileID: 4095089235504129373, guid: 4601d7c8e6e30bb4aaf4a583f472863b,
        type: 3}
      propertyPath: m_LocalRotation.w
      value: 0.27435413
      objectReference: {fileID: 0}
    - target: {fileID: 4339754083704185941, guid: 4601d7c8e6e30bb4aaf4a583f472863b,
        type: 3}
      propertyPath: m_Bounds.m_Center.x
      value: 0.0020525455
      objectReference: {fileID: 0}
    - target: {fileID: 4339754083704185941, guid: 4601d7c8e6e30bb4aaf4a583f472863b,
        type: 3}
      propertyPath: m_Bounds.m_Center.y
      value: -0.30920744
      objectReference: {fileID: 0}
    - target: {fileID: 4339754083704185941, guid: 4601d7c8e6e30bb4aaf4a583f472863b,
        type: 3}
      propertyPath: m_Bounds.m_Extent.x
      value: 1.635299
      objectReference: {fileID: 0}
    - target: {fileID: 4339754083704185941, guid: 4601d7c8e6e30bb4aaf4a583f472863b,
        type: 3}
      propertyPath: m_Bounds.m_Extent.y
      value: 1.0544753
      objectReference: {fileID: 0}
    - target: {fileID: 6516743271595298537, guid: 4601d7c8e6e30bb4aaf4a583f472863b,
        type: 3}
      propertyPath: m_Bounds.m_Center.x
      value: 0.1070832
      objectReference: {fileID: 0}
    - target: {fileID: 6516743271595298537, guid: 4601d7c8e6e30bb4aaf4a583f472863b,
        type: 3}
      propertyPath: m_Bounds.m_Center.y
      value: -0.38102996
      objectReference: {fileID: 0}
    - target: {fileID: 6516743271595298537, guid: 4601d7c8e6e30bb4aaf4a583f472863b,
        type: 3}
      propertyPath: m_Bounds.m_Extent.x
      value: 0.56185377
      objectReference: {fileID: 0}
    - target: {fileID: 6516743271595298537, guid: 4601d7c8e6e30bb4aaf4a583f472863b,
        type: 3}
      propertyPath: m_Bounds.m_Extent.y
      value: 1.3384209
      objectReference: {fileID: 0}
    - target: {fileID: 7571252361853734326, guid: 4601d7c8e6e30bb4aaf4a583f472863b,
        type: 3}
      propertyPath: m_Bounds.m_Center.x
      value: 0.07204595
      objectReference: {fileID: 0}
    - target: {fileID: 7571252361853734326, guid: 4601d7c8e6e30bb4aaf4a583f472863b,
        type: 3}
      propertyPath: m_Bounds.m_Center.y
      value: -0.33582842
      objectReference: {fileID: 0}
    - target: {fileID: 7571252361853734326, guid: 4601d7c8e6e30bb4aaf4a583f472863b,
        type: 3}
      propertyPath: m_Bounds.m_Extent.x
      value: 0.49206072
      objectReference: {fileID: 0}
    - target: {fileID: 7571252361853734326, guid: 4601d7c8e6e30bb4aaf4a583f472863b,
        type: 3}
      propertyPath: m_Bounds.m_Extent.y
      value: 1.3205049
      objectReference: {fileID: 0}
    m_RemovedComponents: []
  m_SourcePrefab: {fileID: 4118290296035081658, guid: 4601d7c8e6e30bb4aaf4a583f472863b,
    type: 3}
--- !u!1 &3894515120659642224 stripped
GameObject:
  m_CorrespondingSourceObject: {fileID: -54171396049432147, guid: 4601d7c8e6e30bb4aaf4a583f472863b,
    type: 3}
  m_PrefabInstance: {fileID: 5274722010255238877}
  m_PrefabAsset: {fileID: 0}
--- !u!4 &6777269741834522952 stripped
Transform:
  m_CorrespondingSourceObject: {fileID: 1674812758425499541, guid: 4601d7c8e6e30bb4aaf4a583f472863b,
    type: 3}
  m_PrefabInstance: {fileID: 5274722010255238877}
  m_PrefabAsset: {fileID: 0}
--- !u!4 &6858161099184178022 stripped
Transform:
  m_CorrespondingSourceObject: {fileID: 1593859304445978043, guid: 4601d7c8e6e30bb4aaf4a583f472863b,
    type: 3}
  m_PrefabInstance: {fileID: 5274722010255238877}
  m_PrefabAsset: {fileID: 0}
--- !u!4 &3949053176680615021 stripped
Transform:
  m_CorrespondingSourceObject: {fileID: -482375073027408, guid: 4601d7c8e6e30bb4aaf4a583f472863b,
    type: 3}
  m_PrefabInstance: {fileID: 5274722010255238877}
  m_PrefabAsset: {fileID: 0}
--- !u!4 &2944737007340586230 stripped
Transform:
  m_CorrespondingSourceObject: {fileID: -2166692062697020885, guid: 4601d7c8e6e30bb4aaf4a583f472863b,
    type: 3}
  m_PrefabInstance: {fileID: 5274722010255238877}
  m_PrefabAsset: {fileID: 0}
--- !u!4 &8207597351633503104 stripped
Transform:
  m_CorrespondingSourceObject: {fileID: 4095089235504129373, guid: 4601d7c8e6e30bb4aaf4a583f472863b,
    type: 3}
  m_PrefabInstance: {fileID: 5274722010255238877}
  m_PrefabAsset: {fileID: 0}
--- !u!4 &6890690545415875788 stripped
Transform:
  m_CorrespondingSourceObject: {fileID: 1626702380728142353, guid: 4601d7c8e6e30bb4aaf4a583f472863b,
    type: 3}
  m_PrefabInstance: {fileID: 5274722010255238877}
  m_PrefabAsset: {fileID: 0}
